%% data



@online{1, 

    author        = {Yann LeCun, Corinna Cortes, Christopher J.C. Burges},
    title         = {THE MNIST DATABASE},
    url           = {http://yann.lecun.com/exdb/mnist/}
}

@article{2,
    author        = {U. Marti and H. Bunke},
    title         = {The IAM-database: An English Sentence Database for Off-line Handwriting Recognition},
    journaltitle  = {Int. Journal on Document Analysis and Recognition},
    year          = {2002},
    volume        = {5},
    pages         = {39 - 46},
}


%% handwriting models models


@online{3, 

    author        = {Alex Graves},
    title         = {Generating Sequences With Recurrent Neural Networks},
    url           = {https://arxiv.org/pdf/1308.0850.pdf}
}


@online{4, 

    author        = {Emre Aksan, Fabrizio Pece, Otmar Hilliges},
    title         = {DeepWriting:
Making Digital Ink Editable via Deep Generative Modeling},
    url           = {https://arxiv.org/pdf/1801.08379.pdf
}


@online{5, 

    author        = {Alex Graves},
    title         = {Connectionist Temporal Classification: Labelling Unsegmented Sequence Data with Recurrent Neural Networks},
    url           = {https://www.cs.toronto.edu/~graves/icml_2006.pdf}
}



@online{6, 

    author        = {Sharon Fogel, Hadar Averbuch-Elor , Sarel Cohen, Shai Mazor, Roee Litman},
    title         = {ScrabbleGAN: Semi-supervised varying length handwritten text generation
},
    url           = {https://www.amazon.science/publications/scrabblegan-semi-supervised-varying-length-handwritten-text-generation}
}


%% attentions


@article{7,
      title={Neural Machine Translation by Jointly Learning to Align and Translate}, 
      author={Dzmitry Bahdanau and Kyunghyun Cho and Yoshua Bengio},
      year={2016},
      eprint={1409.0473},
      archivePrefix={arXiv},
	  url = {https://arxiv.org/abs/1409.0473},

}


@article{8,
  author    = {Ashish Vaswani and
               Noam Shazeer and
               Niki Parmar and
               Jakob Uszkoreit and
               Llion Jones and
               Aidan N. Gomez and
               Lukasz Kaiser and
               Illia Polosukhin},
  title     = {Attention Is All You Need},
  journal   = {CoRR},
  volume    = {abs/1706.03762},
  year      = {2017},
  url       = {http://arxiv.org/abs/1706.03762},
}

@article{9,
    author        = {Han Zhang, Ian Goodfellow, Dimitris Metaxas, Augustus Odena},
    title         = {Self-Attention Generative Adversarial Networks
},
  url       = {https://arxiv.org/pdf/1805.08318.pdf},

    year          = {2019},
}

%% GANS 

@article{9,
    author        = {Ian J. Goodfellow, Jean Pouget-Abadie, Mehdi Mirza, Bing Xu, David Warde-Farley,
Sherjil Ozair†, Aaron Courville, Yoshua Bengio},
    title         = {Generative Adversarial Nets
},
  url       = {https://arxiv.org/pdf/1406.2661.pdf},
    year          = {2014},
}



@article{10,
    author        = {Andrey Voynov, Artem Babenko},
    title         = {Unsupervised Discovery of Interpretable Directions in the GAN Latent Space
},
  url       = {https://arxiv.org/pdf/2002.03754.pdf},
    year          = {2020},
}




@article{12,
    author        = {Xi Chen, Yan Duan, Rein Houthooft, John Schulman, Ilya Sutskever, Pieter Abbeel},
    title         = {InfoGAN: Interpretable Representation Learning by
Information Maximizing Generative Adversarial Nets
},
  url       = {https://arxiv.org/pdf/1606.03657.pdf},

    year          = {2016},
}

@article{11,
    author        = {Jeff Donahue, Philipp Krähenbühl, Trevor Darrell},
    title         = {Adverserial feature learning},
  url       = {https://arxiv.org/pdf/1605.09782v7.pdf},

    year          = {2016},
}


@online{12, 

    author        = {nikhilrana015},
    title         = {Anime-DCGAN},
    url           = {https://github.com/nikhilrana015/
}



@article{11,
    author        = {Jeff Donahue, Philipp Krähenbühl, Trevor Darrell},
    title         = {Adverserial feature learning},
  url       = {https://arxiv.org/pdf/1605.09782v7.pdf},

    year          = {2016},
}


@article{13,
    author        = {Jianlong Zhou, Amir H. Gandomi, Fang Chen, and Andreas Holzinger},
    title         = {Evaluating the Quality of Machine Learning Explanations:
A Survey on Methods and Metrics
},
  url       = {https://www.mdpi.com/2079-9292/10/5/593/pdf},

    year          = {2021},
}



@article{14,
    author        = {Wei Chen, Mark Fuge},
    title         = {Synthesizing Designs with Inter-Part
Dependencies using Hierarchical Generative
Adversarial Networks
},
  url       = {https://www.researchgate.net/publication/334009792_Synthesizing_Designs_With_Interpart_Dependencies_Using_Hierarchical_Generative_Adversarial_Networks
},

    year          = {2019},
}



@article{15,
    author        = {Matthew D. Zeiler, Rob Fergus},
    title         = {Visualizing and Understanding Convolutional Networks
},
  url       = {https://arxiv.org/pdf/1311.2901.pdf
},

    year          = {2019},
}
